<record><leader>00000cas a22000007a 4500</leader><controlfield tag="001">20669654</controlfield><controlfield tag="008">891118d19151955inuwr ne      0    0eng d</controlfield><datafield ind1=" " ind2=" " tag="010"><subfield code="a">sn 89099049 </subfield></datafield><datafield ind1=" " ind2=" " tag="040"><subfield code="a">NPI</subfield><subfield code="b">eng</subfield><subfield code="c">NPI</subfield><subfield code="d">OCLCQ</subfield><subfield code="d">NPI</subfield></datafield><datafield ind1=" " ind2=" " tag="042"><subfield code="a">msc</subfield></datafield><datafield ind1="0" ind2="0" tag="245"><subfield code="a">La Crosse sentinel.</subfield></datafield><datafield ind1="3" ind2="0" tag="246"><subfield code="a">LaCrosse sentinel</subfield></datafield><datafield ind1=" " ind2=" " tag="260"><subfield code="a">La Crosse, La Porte County, Ind. :</subfield><subfield code="b">I.D. Young,</subfield><subfield code="c">1915-1955.</subfield></datafield><datafield ind1=" " ind2=" " tag="300"><subfield code="a">41 v.</subfield></datafield><datafield ind1=" " ind2=" " tag="310"><subfield code="a">Weekly</subfield></datafield><datafield ind1="0" ind2=" " tag="362"><subfield code="a">Vol. 1, no. 1 (July 22, 1915)-40th year, no. 38 (Apr. 7, 1955).</subfield></datafield><datafield ind1=" " ind2=" " tag="752"><subfield code="a">United States</subfield><subfield code="b">Indiana</subfield><subfield code="c">LaPorte</subfield><subfield code="d">La Crosse.</subfield></datafield><datafield ind1="0" ind2="0" tag="785"><subfield code="t">Regional news (La Crosse, Ind.)</subfield><subfield code="w">(DLC)sn 87056274</subfield></datafield></record>